<?xml version="1.0" encoding="UTF-8"?><record xmlns="http://www.loc.gov/MARC21/slim" xmlns:cinclude="http://apache.org/cocoon/include/1.0" xmlns:zs="http://www.loc.gov/zing/srw/">
  <leader>00440nz  a2200121n  4500</leader>
  <controlfield tag="001">n  85310836 </controlfield>
  <controlfield tag="003">DLC</controlfield>
  <controlfield tag="005">19861024062029.0</controlfield>
  <controlfield tag="008">860910n| acannaab|          |n aaa ||| c</controlfield>
  <datafield tag="010" ind1=" " ind2=" ">
    <subfield code="a">n  85310836 </subfield>
  </datafield>
  <datafield tag="040" ind1=" " ind2=" ">
    <subfield code="a">InU</subfield>
    <subfield code="c">DLC</subfield>
  </datafield>
  <datafield tag="100" ind1="1" ind2="0">
    <subfield code="a">Chu, David K. W.</subfield>
    <subfield code="q">(David Ka-wo),</subfield>
    <subfield code="d">1956-</subfield>
  </datafield>
  <datafield tag="670" ind1=" " ind2=" ">
    <subfield code="a">His Cost-effectiveness of general hospitals under two different hospital reimbursement systems, 1985:</subfield>
    <subfield code="b">t.p. (David K.W. Chu) leaf 280 (David Ka-wo Chu; b. 12-20-56)</subfield>
  </datafield>
</record>